@article{thearticle,
  title={Autism: Beyond “theory of mind”},
  author={Frith, Uta and Happ{\'e}, Francesca},
  journal={Cognition},
  volume={50},
  number={1-3},
  pages={115--132},
  year={1994},
  publisher={Elsevier}
}

